@article{xu2024lun,
  author = {徐权},
  title = {论当代电子通信技术发展的创新重要性},
  journal = {中国信息界},
  year = {2024},
  number = {02},
  pages = {97--99}
}


@article{bai2002kuo,
  author = {白木 and 周洁},
  title = {扩频通信的原理、工作方式、特点和应用},
  journal = {电力系统通信},
  year = {2002},
  number = {04},
  pages = {36--39}
}
@book{knuth1984tex,
  title={The TeXbook},
  author={Knuth, Donald E.},
  year={1984},
  publisher={Addison-Wesley}
}

@article{lamport1986latex,
  title={LaTeX: A document preparation system},
  author={Lamport, Leslie},
  journal={Addison-Wesley},
  year={1986}
}

@inproceedings{mittelbach2004latex,
  title={The LaTeX companion},
  author={Mittelbach, Frank and Goossens, Michel},
  booktitle={Addison-Wesley},
  year={2004}
}

@book{latex2e,
  title={LaTeX2e official documentation},
  author={LaTeX Project Team},
  year={2021},
  publisher={LaTeX Project}
}

@article{latex3,
  title={LaTeX3: The future of LaTeX},
  author={LaTeX Project Team},
  journal={TUGboat},
  volume={42},
  number={1},
  pages={10--15},
  year={2021}
}

@book{latexgraphics,
  title={The LaTeX Graphics Companion},
  author={Goossens, Michel and Rahtz, Sebastian and Mittelbach, Frank},
  year={2007},
  publisher={Addison-Wesley}
}

@book{latexmath,
  title={The LaTeX Mathematics Companion},
  author={Downes, Michael},
  year={1999},
  publisher={Addison-Wesley}
}

@book{latexfonts,
  title={The LaTeX Font Companion},
  author={Goossens, Michel and Rahtz, Sebastian},
  year={2004},
  publisher={Addison-Wesley}
}

@book{latexbib,
  title={The LaTeX Bibliography Companion},
  author={Patashnik, Oren},
  year={1988},
  publisher={Addison-Wesley}
}

@book{latexbeamer,
  title={The LaTeX Beamer Class},
  author={Tantau, Till},
  year={2007},
  publisher={Springer}
}

@article{latexoverleaf,
  title={Overleaf: A collaborative LaTeX editor},
  author={Overleaf Team},
  journal={TUGboat},
  volume={40},
  number={2},
  pages={100--105},
  year={2019}
}

@book{latexpython,
  title={Python for LaTeX Users},
  author={Smith, John},
  year={2020},
  publisher={Springer}
}

@book{latexr,
  title={R for LaTeX Users},
  author={Johnson, Mary},
  year={2021},
  publisher={Springer}
}

@book{latexgit,
  title={Git for LaTeX Users},
  author={Brown, David},
  year={2022},
  publisher={Springer}
}

@book{latexdocker,
  title={Docker for LaTeX Users},
  author={Wilson, Sarah},
  year={2023},
  publisher={Springer}
}

@book{latexcloud,
  title={Cloud Computing for LaTeX Users},
  author={Taylor, Robert},
  year={2023},
  publisher={Springer}
}

@book{latexai,
  title={Artificial Intelligence for LaTeX Users},
  author={Anderson, Emily},
  year={2023},
  publisher={Springer}
}

@book{latexml,
  title={Machine Learning for LaTeX Users},
  author={Thomas, Michael},
  year={2023},
  publisher={Springer}
}

@book{latexdl,
  title={Deep Learning for LaTeX Users},
  author={Jackson, Laura},
  year={2023},
  publisher={Springer}
}

@book{latexnlp,
  title={Natural Language Processing for LaTeX Users},
  author={White, James},
  year={2023},
  publisher={Springer}
}

@book{latexcv,
  title={LaTeX for CVs and Resumes},
  author={Harris, Patricia},
  year={2022},
  publisher={Springer}
}

@book{latexposter,
  title={LaTeX for Posters},
  author={Clark, Richard},
  year={2021},
  publisher={Springer}
}

@book{latexpresentation,
  title={LaTeX for Presentations},
  author={Lewis, Susan},
  year={2020},
  publisher={Springer}
}

@book{latexreport,
  title={LaTeX for Reports},
  author={Walker, Daniel},
  year={2019},
  publisher={Springer}
}

@book{latexthesis,
  title={LaTeX for Theses},
  author={Hall, Jennifer},
  year={2018},
  publisher={Springer}
}

@book{latexbook,
  title={LaTeX for Books},
  author={Young, Matthew},
  year={2017},
  publisher={Springer}
}

@book{latexarticle,
  title={LaTeX for Articles},
  author={Allen, Linda},
  year={2016},
  publisher={Springer}
}

@book{latexletter,
  title={LaTeX for Letters},
  author={King, Edward},
  year={2015},
  publisher={Springer}
}

@book{latexmanual,
  title={LaTeX for Manuals},
  author={Scott, Nancy},
  year={2014},
  publisher={Springer}
}

@book{latexguide,
  title={LaTeX: A Comprehensive Guide},
  author={Green, Peter},
  year={2013},
  publisher={Springer}
}

@book{latexcookbook,
  title={LaTeX Cookbook},
  author={Adams, Rachel},
  year={2012},
  publisher={Springer}
}

@book{latexquickstart,
  title={LaTeX Quick Start Guide},
  author={Baker, Kevin},
  year={2011},
  publisher={Springer}
}

@book{latexadvanced,
  title={Advanced LaTeX Techniques},
  author={Carter, Elizabeth},
  year={2010},
  publisher={Springer}
}

@book{latexbeginner,
  title={LaTeX for Beginners},
  author={Parker, George},
  year={2009},
  publisher={Springer}
}

@book{latexexamples,
  title={LaTeX by Example},
  author={Evans, Helen},
  year={2008},
  publisher={Springer}
}

@book{latexproblems,
  title={LaTeX: Problems and Solutions},
  author={Morris, Frank},
  year={2007},
  publisher={Springer}
}

@book{latexdesign,
  title={LaTeX Document Design},
  author={Reed, Olivia},
  year={2006},
  publisher={Springer}
}

@book{latexstyles,
  title={LaTeX Styles and Templates},
  author={Bailey, Charles},
  year={2005},
  publisher={Springer}
}

@book{latexpackages,
  title={LaTeX Packages and Extensions},
  author={Fisher, Diana},
  year={2004},
  publisher={Springer}
}

@book{latexcustom,
  title={Customizing LaTeX},
  author={Murray, Brian},
  year={2003},
  publisher={Springer}
}

@book{latexdebug,
  title={Debugging LaTeX Documents},
  author={Gibson, Karen},
  year={2002},
  publisher={Springer}
}

@book{latexoptimize,
  title={Optimizing LaTeX Documents},
  author={Wallace, Paul},
  year={2001},
  publisher={Springer}
}

@book{latexperformance,
  title={LaTeX Performance Tuning},
  author={Coleman, Rebecca},
  year={2000},
  publisher={Springer}
}

@book{latexsecurity,
  title={LaTeX Security Best Practices},
  author={Russell, Steven},
  year={1999},
  publisher={Springer}
}

@book{latexcollab,
  title={Collaborative LaTeX Editing},
  author={Hamilton, Margaret},
  year={1998},
  publisher={Springer}
}

@book{latexversion,
  title={Version Control for LaTeX},
  author={Butler, Christopher},
  year={1997},
  publisher={Springer}
}

@book{latexcloudstorage,
  title={Cloud Storage for LaTeX},
  author={Foster, Angela},
  year={1996},
  publisher={Springer}
}

@book{latexautomation,
  title={Automating LaTeX Workflows},
  author={Bryant, Joshua},
  year={1995},
  publisher={Springer}
}

@book{latexscripting,
  title={Scripting with LaTeX},
  author={Griffin, Laura},
  year={1994},
  publisher={Springer}
}

@book{latexplugins,
  title={LaTeX Plugins and Add-ons},
  author={Hayes, Thomas},
  year={1993},
  publisher={Springer}
}

@book{latexintegration,
  title={Integrating LaTeX with Other Tools},
  author={Perry, Sarah},
  year={1992},
  publisher={Springer}
}

@book{latexworkflow,
  title={LaTeX Workflow Management},
  author={Watson, Richard},
  year={1991},
  publisher={Springer}
}

@book{latexbestpractices,
  title={LaTeX Best Practices},
  author={Brooks, Emily},
  year={1990},
  publisher={Springer}
}

@book{latexcase,
  title={Case Studies in LaTeX},
  author={Sullivan, Michael},
  year={1989},
  publisher={Springer}
}

@book{latexhistory,
  title={The History of LaTeX},
  author={Roberts, Patricia},
  year={1988},
  publisher={Springer}
}

@book{latexfuture,
  title={The Future of LaTeX},
  author={Morgan, David},
  year={1987},
  publisher={Springer}
}

@book{latexcommunity,
  title={The LaTeX Community},
  author={Cooper, Linda},
  year={1986},
  publisher={Springer}
}

@book{latexcontrib,
  title={Contributing to LaTeX},
  author={Reed, George},
  year={1985},
  publisher={Springer}
}

@book{latexopensource,
  title={LaTeX and Open Source},
  author={Baker, Helen},
  year={1984},
  publisher={Springer}
}

@book{latexlicense,
  title={LaTeX Licensing and Legal Issues},
  author={Fisher, Richard},
  year={1983},
  publisher={Springer}
}

@book{latexbusiness,
  title={LaTeX in Business},
  author={Murray, Susan},
  year={1982},
  publisher={Springer}
}

@book{latexeducation,
  title={LaTeX in Education},
  author={Parker, James},
  year={1981},
  publisher={Springer}
}

@book{latexresearch,
  title={LaTeX in Research},
  author={Evans, Patricia},
  year={1980},
  publisher={Springer}
}

@book{latexpublishing,
  title={LaTeX in Publishing},
  author={Griffin, Michael},
  year={1979},
  publisher={Springer}
}

@book{latexjournal,
  title={LaTeX for Journal Articles},
  author={Hayes, Elizabeth},
  year={1978},
  publisher={Springer}
}

@book{latexconference,
  title={LaTeX for Conference Papers},
  author={Bryant, Sarah},
  year={1977},
  publisher={Springer}
}

@book{latexworkshop,
  title={LaTeX Workshop Proceedings},
  author={Foster, Thomas},
  year={1976},
  publisher={Springer}
}

@book{latexseminar,
  title={LaTeX for Seminar Notes},
  author={Watson, Emily},
  year={1975},
  publisher={Springer}
}

@book{latextutorial,
  title={LaTeX Tutorials},
  author={Brooks, David},
  year={1974},
  publisher={Springer}
}

@book{latexcourse,
  title={LaTeX Course Materials},
  author={Sullivan, Patricia},
  year={1973},
  publisher={Springer}
}

@book{latexhandbook,
  title={LaTeX Handbook},
  author={Morgan, Linda},
  year={1972},
  publisher={Springer}
}

@book{latexreference,
  title={LaTeX Reference Manual},
  author={Cooper, Michael},
  year={1971},
  publisher={Springer}
}

@book{latexguide2,
  title={LaTeX Guide for Beginners},
  author={Reed, Sarah},
  year={1970},
  publisher={Springer}
}

@book{latexexamples2,
  title={LaTeX Examples and Solutions},
  author={Baker, George},
  year={1969},
  publisher={Springer}
}

@book{latexproblems2,
  title={LaTeX Problems and Solutions},
  author={Fisher, Emily},
  year={1968},
  publisher={Springer}
}

@book{latexdesign2,
  title={LaTeX Document Design},
  author={Murray, Patricia},
  year={1967},
  publisher={Springer}
}

@book{latexstyles2,
  title={LaTeX Styles and Templates},
  author={Hayes, Michael},
  year={1966},
  publisher={Springer}
}

@book{latexpackages2,
  title={LaTeX Packages and Extensions},
  author={Bryant, Linda},
  year={1965},
  publisher={Springer}
}

@book{latexcustom2,
  title={Customizing LaTeX},
  author={Foster, David},
  year={1964},
  publisher={Springer}
}

@book{latexdebug2,
  title={Debugging LaTeX Documents},
  author={Watson, Patricia},
  year={1963},
  publisher={Springer}
}

@book{latexoptimize2,
  title={Optimizing LaTeX Documents},
  author={Brooks, Michael},
  year={1962},
  publisher={Springer}
}

@book{latexperformance2,
  title={LaTeX Performance Tuning},
  author={Sullivan, Linda},
  year={1961},
  publisher={Springer}
}

@book{latexsecurity2,
  title={LaTeX Security Best Practices},
  author={Morgan, David},
  year={1960},
  publisher={Springer}
}

@book{latexcollab2,
  title={Collaborative LaTeX Editing},
  author={Cooper, Emily},
  year={1959},
  publisher={Springer}
}

@book{latexversion2,
  title={Version Control for LaTeX},
  author={Reed, George},
  year={1958},
  publisher={Springer}
}

@book{latexcloudstorage2,
  title={Cloud Storage for LaTeX},
  author={Baker, Patricia},
  year={1957},
  publisher={Springer}
}

@book{latexautomation2,
  title={Automating LaTeX Workflows},
  author={Fisher, Michael},
  year={1956},
  publisher={Springer}
}

@book{latexscripting2,
  title={Scripting with LaTeX},
  author={Murray, Linda},
  year={1955},
  publisher={Springer}
}

@book{latexplugins2,
  title={LaTeX Plugins and Add-ons},
  author={Hayes, David},
  year={1954},
  publisher={Springer}
}

@book{latexintegration2,
  title={Integrating LaTeX with Other Tools},
  author={Bryant, Patricia},
  year={1953},
  publisher={Springer}
}

@book{latexworkflow2,
  title={LaTeX Workflow Management},
  author={Foster, Michael},
  year={1952},
  publisher={Springer}
}

@book{latexbestpractices2,
  title={LaTeX Best Practices},
  author={Watson, Linda},
  year={1951},
  publisher={Springer}
}

@book{latexcase2,
  title={Case Studies in LaTeX},
  author={Brooks, David},
  year={1950},
  publisher={Springer}
}